<?xml version="1.0" encoding="UTF-8"?><record xmlns="http://www.loc.gov/MARC21/slim" xmlns:cinclude="http://apache.org/cocoon/include/1.0" xmlns:zs="http://www.loc.gov/zing/srw/">
  <leader>00691nz  a2200169n  4500</leader>
  <controlfield tag="001">no2010179044</controlfield>
  <controlfield tag="003">DLC</controlfield>
  <controlfield tag="005">20101112133146.0</controlfield>
  <controlfield tag="008">101103n| acannaabn          |a aaa     c</controlfield>
  <datafield tag="010" ind1=" " ind2=" ">
    <subfield code="a">no2010179044</subfield>
  </datafield>
  <datafield tag="035" ind1=" " ind2=" ">
    <subfield code="a">(OCoLC)oca08677606</subfield>
  </datafield>
  <datafield tag="040" ind1=" " ind2=" ">
    <subfield code="a">SG-SiILA</subfield>
    <subfield code="b">eng</subfield>
    <subfield code="c">SG-SiILA</subfield>
  </datafield>
  <datafield tag="100" ind1="1" ind2=" ">
    <subfield code="a">Nicks, Phil,</subfield>
    <subfield code="d">1960-</subfield>
  </datafield>
  <datafield tag="500" ind1="1" ind2=" ">
    <subfield code="a">Wylie, Philip,</subfield>
    <subfield code="d">1960-</subfield>
  </datafield>
  <datafield tag="667" ind1=" " ind2=" ">
    <subfield code="a">Not same as: Wylie, Philip [no 96005172]</subfield>
  </datafield>
  <datafield tag="670" ind1=" " ind2=" ">
    <subfield code="a">Love entrepreneurs : cross-culture relationship deals in Thailand, 2008:</subfield>
    <subfield code="b">t.p. (Phil Nicks)</subfield>
  </datafield>
  <datafield tag="670" ind1=" " ind2=" ">
    <subfield code="a">Email from author, Oct. 20, 2010</subfield>
    <subfield code="b">(Phil Nicks is the pen name of Philip Wylie; b. Liverpool, U.K., June 5, 1960; author of 'How to establish a successful business in Thailand, c2007)</subfield>
  </datafield>
</record>